@article{fama1970efficient,
	title={Efficient capital markets, A review of theory and empirical work},
	author={Eugene Fama},
	journal={The journal of Finance},
	volume={25},
	number={2},
	pages={383--417},
	year={1970},
	publisher={JSTOR},
}

@article{matrin2011history,
	title={History of the efficient market hypothesis},
	author={Martin Sewell},
	journal={Rn},
	volume={11},
	number={04},
	pages={04},
	year={2011},
}

@article{mandelbrot2006misbehavior,
	title = {The (Mis)Behavior of Markets, A Fractal View of Risk, Ruin and Reward},
	journal = {Journal of Economic Behavior and Organization},
	author = {Benoit Mandelbrot},
	volume = {61},
	number = {3},
	pages = {513-515},
	year = {2006},
	issn = {0167-2681},
}

@article{zeng2022transformers,
	title={Are transformers effective for time series forecasting?},
	author={Zeng, Ailing and Chen, Muxi and Zhang, Lei and Xu, Qiang},
	journal={arXiv preprint arXiv:2205.13504},
	year={2022}
}

@article{kuang2020efficient,
	title={Efficient and adaptive signal denoising based on multistage singular spectrum analysis},
	author={Kuang, Weichao and Wang, Shanjin and Lai, Yingxin and Ling, Wing-Kuen},
	journal={IEEE Transactions on Instrumentation and Measurement},
	volume={70},
	pages={1--20},
	year={2020},
	publisher={IEEE},
}


@book{alexandridis2014wavelet,
	title={Wavelet neural networks: with applications in financial engineering, chaos, and etc.},
	author={Alexandridis, Antonios K and Zapranis, Achilleas D},
	year={2014},
	publisher={John Wiley \& Sons}
}

@techreport{rosenblatt1961principles,
	title={Principles of neurodynamics. perceptrons and the theory of brain mechanisms},
	author={Rosenblatt, Frank},
	year={1961},
	institution={Cornell Aeronautical Lab Inc Buffalo NY}
}

@article{hochreiter1997long,
	title={Long short-term memory},
	author={Hochreiter, Sepp and Schmidhuber, J{\"u}rgen},
	journal={Neural computation},
	volume={9},
	number={8},
	pages={1735--1780},
	year={1997},
	publisher={MIT press}
}
