@article{fama1970efficient,
	title={Efficient capital markets, A review of theory and empirical work},
	author={Eugene Fama},
	journal={The journal of Finance},
	volume={25},
	number={2},
	pages={383--417},
	year={1970},
	publisher={JSTOR},
}

@article{matrin2011history,
	title={History of the efficient market hypothesis},
	author={Martin Sewell},
	journal={Rn},
	volume={11},
	number={04},
	pages={04},
	year={2011},
}

@article{mandelbrot2006misbehavior,
	title = {The (Mis)Behavior of Markets, A Fractal View of Risk, Ruin and Reward},
	journal = {Journal of Economic Behavior and Organization},
	author = {Benoit Mandelbrot},
	volume = {61},
	number = {3},
	pages = {513-515},
	year = {2006},
	issn = {0167-2681},
}

@article{zeng2022transformers,
	title={Are transformers effective for time series forecasting?},
	author={Zeng, Ailing and Chen, Muxi and Zhang, Lei and Xu, Qiang},
	journal={arXiv preprint arXiv:2205.13504},
	year={2022}
}

@article{kuang2020efficient,
	title={Efficient and adaptive signal denoising based on multistage singular spectrum analysis},
	author={Kuang, Weichao and Wang, Shanjin and Lai, Yingxin and Ling, Wing-Kuen},
	journal={IEEE Transactions on Instrumentation and Measurement},
	volume={70},
	pages={1--20},
	year={2020},
	publisher={IEEE},
}