@book{ropert_ouwen,
	title={Спорная область между двумя мирами},
	author={Оуэн, Роберт},
	year={2018},
	publisher={Strelbytskyy Multimedia Publishing}
}

@book{adam_smith,
	title={The Wealth of Nations: An inquiry into the nature and causes of the Wealth of Nations},
	author={Smith, Adam},
	year={2010},
	publisher={Harriman House Limited},
}

@book{alfred_marshall,
	title={Elements of economics of industry: being the first volume of Elements of Economics},
	author={Marshall, Alfred},
	volume={1},
	year={1903},
	publisher={Macmillan}
}

@book{nn_all_over_us,
	title={State of AI Report 2022},
	author={Nathan Benaich and Ian Hogarth},
	year={2022},
	publisher={Air Street Capital, Plural},
	note="\url{https://www.stateof.ai/}"
}

@book{fama_market_efficiency,
	title={Гипотеза эффективного рынка: что это и как использовать},
	author={FinEX},
	year={Статья от: 13 Сентября 2022},
	publisher={FinEx},
	note="\url{https://finex-etf.ru/university/news/gipoteza_effektivnogo_rynka_chto_eto_i_kak_ispolzovat}"
}

@article{matrin_swell,
	title={History of the efficient market hypothesis},
	author={Sewell, Martin},
	journal={Rn},
	volume={11},
	number={04},
	pages={04},
	year={2011},
	note="\url{http://www.cs.ucl.ac.uk/fileadmin/UCL-CS/images/Research_Student_Information/RN_11_04.pdf}"
}

@article{fractal_market,
	title={Фрактальный анализ финансового рынка на основе коэффициента Хёрста},
	author={Палювина, АС},
	journal={Вектор экономики},
	pages={30--30},
	year={2019},
	publisher={Индивидуальный предприниматель Мухин Максим Николаевич},
	note="\url{http://www.vectoreconomy.ru/images/publications/2019/4/mathematicalmethods/Palyuvina.pdf}"
}

@article{efficient_market,
	title={Efficient capital markets: A review of theory and empirical work},
	author={Fama, Eugene},
	journal={The journal of Finance},
	volume={25},
	number={2},
	pages={383--417},
	year={1970},
	publisher={JSTOR},
	note="\url{https://www.jstor.org/stable/2325486}"
}

@article{benoit_mandelbrot,
	title = {The (Mis)Behavior of Markets: A Fractal View of Risk, Ruin and Reward},
	journal = {Journal of Economic Behavior and Organization},
	volume = {61},
	number = {3},
	pages = {513-515},
	year = {2006},
	issn = {0167-2681},
	doi = {https://doi.org/10.1016/j.jebo.2006.03.002},
	note = "\url{https://www.sciencedirect.com/science/article/pii/S0167268106000692}",
	author = {Constantinos E. Vorlow}
}

@article{attention_transformers,
	title={Attention is all you need},
	author={Vaswani, Ashish and Shazeer, Noam and Parmar, Niki and Uszkoreit, Jakob and Jones, Llion and Gomez, Aidan N and Kaiser, {\L}ukasz and Polosukhin, Illia},
	journal={Advances in neural information processing systems},
	volume={30},
	year={2017},
	note="\url{https://proceedings.neurips.cc/paper/2017/file/3f5ee243547dee91fbd053c1c4a845aa-Paper.pdf}"
}

@article{transformers_are_useless_for_TSF,
	title={Are Transformers Effective for Time Series Forecasting?},
	author={Ailing Zeng and Muxi Chen and Lei Zhang and Qiang Xu},
	journal={Proceedings of the AAAI Conference on Artificial Intelligence},
	year={2023},
	note="\url{https://github.com/cure-lab/LTSF-Linear}"
}

@article{seasonality_test_for_financial_stock_market,
	title = {A generalised seasonality test and applications for cryptocurrency and stock market seasonality},
	journal = {The Quarterly Review of Economics and Finance},
	volume = {86},
	pages = {172-185},
	year = {2022},
	issn = {1062-9769},
	doi = {https://doi.org/10.1016/j.qref.2022.07.002},
	url = {https://www.sciencedirect.com/science/article/pii/S1062976922000801},
	author = {Savva Shanaev and Binam Ghimire},
	keywords = {Cryptocurrency, Market efficiency, Seasonality, Seasonality test},
	abstract = {This study develops a novel generalised seasonality test that utilises sequential dummy variable regressions for seasonality periodicity equal to prime numbers. It allows to test for existence of any seasonal patterns against the broad null hypothesis of no seasonality and to isolate most prominent seasonal cycles while using harmonic mean p-values to control for multiple testing. The proposed test has numerous applications in time series analysis. As an example, it is applied to identify seasonal patterns in 76 national stock markets and 772 cryptocurrency markets to detect trading cycles, determine their length, and test the weak-form efficient market hypothesis. Cryptocurrency markets are shown to be less efficient than national stock markets, with predominantly irregular seasonality periodicity that cannot be reduced to conventional weekly, monthly, or annual cycles.},
	note="\url{https://www.sciencedirect.com/science/article/pii/S1062976922000801}"
}

@article{seasonality_in_financial_TS_is_real,
	title = {Seasonal anomalies in advanced emerging stock markets},
	journal = {The Quarterly Review of Economics and Finance},
	volume = {66},
	pages = {169-181},
	year = {2017},
	issn = {1062-9769},
	doi = {https://doi.org/10.1016/j.qref.2017.02.009},
	url = {https://www.sciencedirect.com/science/article/pii/S1062976917300832},
	author = {Mostafa Seif and Paul Docherty and Abul Shamsuddin},
	keywords = {Anomalies, Seasonality, Market efficiency, Emerging markets},
	abstract = {Despite an extensive number of studies documenting evidence of seasonal anomalies in developed markets, relatively few studies have comprehensively examined these anomalies within emerging markets. Testing the robustness of seasonal anomalies in emerging markets would first, help to examine the theoretical explanations that have been proposed and second, provide an out-of-sample result for these seasonality anomalies. This study examines the efficiency of advanced emerging markets by testing five seasonal anomalies: the month of the year, other January, day-of-the-week, holiday, and week 44. Evidence is reported that is consistent with all of these seasonal anomalies with the exception of the other January effect; supporting the argument that advanced emerging markets are less than perfectly efficient.},
	note="\url{https://www.sciencedirect.com/science/article/pii/S1062976917300832}"
}

@article{stationarity_of_time_series_econometrics,
	title={Введение в анализ временных рядов: учебное пособие для вузов.},
	author={Н. В. Артамонов; Е. А. Ивин; А. Н. Курбацкий; Д. Фантаццини},
	isbn={978-5-93299-496-2},
	year={2021},
	journal={Московский государственный университет имени М. В. Ломоносова, Московская школа экономики, Кафедра эконометрики и математических методов экономики. – Вологда : ВолНЦ РАН, 2021. – 134 с.: ил., табл.},
	note="\url{https://mse.msu.ru/wp-content/uploads/2021/03/%D0%92%D0%B2%D0%B5%D0%B4%D0%B5%D0%BD%D0%B8%D0%B5-%D0%B2-%D0%B0%D0%BD%D0%B0%D0%BB%D0%B8%D0%B7-%D0%B2%D1%80%D0%B5%D0%BC%D0%B5%D0%BD%D0%BD%D1%8B%D1%85-%D1%80%D1%8F%D0%B4%D0%BE%D0%B2-1.pdf}"
}

@article{white_noise_for_stochastic_differential_equation,
	title = {Price dynamics of the financial markets using the stochastic differential equation for a potential double well},
	journal = {Physica A: Statistical Mechanics and its Applications},
	volume = {490},
	pages = {828-833},
	year = {2018},
	issn = {0378-4371},
	doi = {https://doi.org/10.1016/j.physa.2017.08.106},
	url = {https://www.sciencedirect.com/science/article/pii/S0378437117308324},
	author = {L.S. Lima and L.L.B. Miranda},
	keywords = {Double well, Price dynamics, Stochastic differential equation},
	abstract = {We have used the Itô’s stochastic differential equation for the double well with additive white noise as a mathematical model for price dynamics of the financial market. We have presented a model which allows us to test within the same framework the comparative explanatory power of rational agents versus irrational agents, with respect to the facts of financial markets. We have obtained the mean price in terms of the β parameter that represents the force of the randomness term of the model.},
	note="\url{https://www.sciencedirect.com/science/article/pii/S0378437117308324?casa_token=rzOzlZw26ZUAAAAA:TLYp15lOen3WJC65uWCpHNNGItqli5Iuqa5yb5LSZKPj5mznOHBbH3r_CwTyjDHAe2ZYaVGA}"
}

@article{brownian_motion_for_stochastic_differential_equation,
	title={Brownian Motion \& the Stochastic Behavior of Stocks},
	author={Tassopoulos, Pantelis and Protonotarios, Yorgos},
	journal={Journal of Mathematical Finance},
	volume={12},
	number={1},
	pages={138--149},
	year={2021},
	publisher={Scientific Research Publishing}
}

@article{word2vec_2013,
	title={Efficient estimation of word representations in vector space},
	author={Mikolov, Tomas and Chen, Kai and Corrado, Greg and Dean, Jeffrey},
	journal={arXiv preprint arXiv:1301.3781},
	year={2013},
	note="\url{https://arxiv.org/abs/1301.3781}"
}

@article{ewma,
	title={Exponentially Weighted Moving Average (EWMA)},
	journal={Corporative Finance Institute (CFI)},
	year={2023},
	author={CFI Team},
	note="url: \url{https://corporatefinanceinstitute.com/about-cfi/}"
}

@article{panov_linear_operator,
	title={Линейная алгебра и геометрия},
	author={Тарас Евгеньевич Панов},
	journal={Механико-математический факультет МГУ},
	year={2021},
	note="\url{http://higeom.math.msu.su/people/taras/teaching/slides-linalg/panov-linalg-lec10.pdf}"

}

@book{arima,
	title={Time series analysis: forecasting and control},
	author={Box, George EP and Jenkins, Gwilym M and Reinsel, Gregory C and Ljung, Greta M},
	year={2015},
	publisher={John Wiley \& Sons}
}

@article{wold_decomposition,
	title={Wold Representation Theorem},
	author={Christiano},
	year={" "},
	journal={Northwestern University: FINC-520},
	note="\url{https://faculty.wcas.northwestern.edu/lchrist/finc520/wold.pdf}"
}

@book{alexandridis2014wavelet,
	title={Wavelet neural networks: with applications in financial engineering, chaos, and classification},
	author={Alexandridis, Antonios K and Zapranis, Achilleas D},
	year={2014},
	publisher={John Wiley \& Sons},
	note="\url{https://books.google.ru/books?hl=en&lr=&id=cYpgAwAAQBAJ&oi=fnd&pg=PR13&dq=wavelet+networks+and+applications&ots=PRTQtLGg33&sig=8S6--O6eRo8bYywFQpmCyT5rMME&redir_esc=y#v=onepage&q=wavelet%20networks%20and%20applications&f=false}"
}

@article{adf_unit_root_test,
	title = {Testing for unit roots using the augmented Dickey-Fuller test: Some issues relating to the size, power and the lag structure of the test},
	journal = {Economics Letters},
	volume = {38},
	number = {4},
	pages = {381-386},
	year = {1992},
	issn = {0165-1765},
	doi = {https://doi.org/10.1016/0165-1765(92)90022-Q},
	note = "\url{https://www.sciencedirect.com/science/article/pii/016517659290022Q}",
	author = {R.I.D. Harris},
	abstract = {The main purpose is to consider some of the operational aspects of the ADF test, and especially the question of how many autoregressive lags are needed to capture the underlying d.g.p. when the latter may be a mixed ARIMA process. Thus the results from Monte-Carlo experiments (using various stochastic processes) are reported to determine the lag structure and whether the ADF test consistently rejects the null and alternative when it is true.}
}

@article{kpss_unit_root_test,
	title = {On the power of the KPSS test of stationarity against fractionally-integrated alternatives},
	journal = {Journal of Econometrics},
	volume = {73},
	number = {1},
	pages = {285-302},
	year = {1996},
	issn = {0304-4076},
	doi = {https://doi.org/10.1016/0304-4076(95)01741-0},
	note = "\url{https://www.sciencedirect.com/science/article/pii/0304407695017410}",
	author = {Dongin Lee and Peter Schmidt},
	keywords = {Long memory, Fractional integration, Stationarity},
	abstract = {Kwiatkowski, Phillips, Schmidt, and Shin (KPSS) proposed a test of the null hypothesis of stationarity. However, their distribution theory under the null hypothesis assumes that the series in question has short memory; that is, its partial sum satisfies an invariance principle. This paper shows that the KPSS test is consistent against stationary long memory alternatives, such as I(d) processes for d ϵ (−12, 12, d ≠ 0. It can therefore be used to distinguish short memory and long memory stationary processes. The power of the KPSS test in finite samples is found to be comparable to that of Lo's modified rescaled range test. The results show that a rather large sample size, such as T = 1000, will be necessary to distinguish reliably between a long memory process and a short memory process with comparable short-term autocorrelation.}
}

@article{ljung_box_test,
	title = {Selecting optimal lag order in Ljung–Box test},
	journal = {Physica A: Statistical Mechanics and its Applications},
	volume = {541},
	pages = {123700},
	year = {2020},
	issn = {0378-4371},
	doi = {https://doi.org/10.1016/j.physa.2019.123700},
	note = "\url{https://www.sciencedirect.com/science/article/pii/S0378437119320618}",
	author = {Hossein Hassani and Mohammad Reza Yeganegi},
	keywords = {Ljung–Box test, Test’s power, Test’s actual size, Sample autocorrelation function},
	abstract = {Theoretical results and empirical evidences indicate that the Ljung–Box test is sensitive to the number of lags (H) involved in the test. In time series literature, different values are suggested for H. This paper is concerned with the selecting optimal number of lags H in Ljung–Box test such that the actual size of the test does not exceed the test’s level while the power of the test does not fall under specific value. A simulation study is employed to investigate the effect of selecting an improper values of H on the actual size and power of the Ljung–Box test. The results confirm that an optimal value of H depends on the time series’ length as well as the test’s level. The comparison results with currently used approaches in the literature confirm that the commonly used techniques are not suggesting a proper value for H.}
}

@article{jarque_bera_test,
	title = {A robust modification of the Jarque–Bera test of normality},
	journal = {Economics Letters},
	volume = {99},
	number = {1},
	pages = {30-32},
	year = {2008},
	issn = {0165-1765},
	doi = {https://doi.org/10.1016/j.econlet.2007.05.022},
	note = "\url{https://www.sciencedirect.com/science/article/pii/S0165176507001838}",
	author = {Yulia R. Gel and Joseph L. Gastwirth},
	keywords = {Goodness-of-fit tests, Test of normality, Robust estimators of scale, Jarque–Bera test, Skewness, Kurtosis},
	abstract = {We propose a new robust Jarque–Bera (RJB) test utilizing a robust measure of variance. The RJB statistic is asymptotically χ22-distributed and has equal or higher power than the JB test for several common alternatives to normality.}
}

@Inbook{hac_standard_errors,
	author="West, Kenneth D.",
	title="Heteroskedasticity and autocorrelation corrections",
	bookTitle="Macroeconometrics and Time Series Analysis",
	year="2010",
	publisher="Palgrave Macmillan UK",
	address="London",
	pages="135--144",
	abstract="Heteroskedasticity and autocorrelation consistent (HAC) covariance matrix estimation refers to calculation of covariance matrices that account for conditional heteroskedasticity of regression disturbances and serial correlation of cross products of instruments and regression disturbances. The heteroskedasticity and serial correlation may be of unknown form. HAC estimation is integral to empirical research using generalized method of moments (GMM) estimation (Hansen, 1982). In this article I summarize results relating to HAC estimation, with emphasis on practical rather than theoretical aspects.",
	isbn="978-0-230-28083-0",
	doi="10.1057/9780230280830_15",
	note="\url{https://doi.org/10.1057/9780230280830_15}"
}

@article{verbik_econometrics_garchs,
	title={Путеводитель по современной эконометрике},
	author={Вербик и Марно},
	year={2008},
	journal={Корреляция}
}


@article{quantil_2_2007,
	title={Квантиль},
	author={Международный эконометрический журнал на русском языке №2},
	year={март 2007},
	journal={Международный эконометрический журнал на русском языке: Квантиль},
	note="\url{http://quantile.ru/02/N2.htm}"
}

@article{hosking_1981,
	ISSN = {00063444},
	URL = {http://www.jstor.org/stable/2335817},
	abstract = {The family of autoregressive integrated moving-average processes, widely used in time series analysis, is generalized by permitting the degree of differencing to take fractional values. The fractional differencing operator is defined as an infinite binomial series expansion in powers of the backward-shift operator. Fractionally differences processes exhibit long-term persistence and antipersistence; the dependence between observations a long time span apart decays much more slowly with time span than is the case with the more commonly studied time series models. Long-term persistent processes have applications in economics and hydrology; compared to existing models of long-term persistence, the family of models introduced here offers much greater flexibility in the simultaneous modelling of the short-term and long-term behaviour of a time series.},
	author = {J. R. M. Hosking},
	journal = {Biometrika},
	number = {1},
	pages = {165--176},
	publisher = {[Oxford University Press, Biometrika Trust]},
	title = {Fractional Differencing},
	urldate = {2023-02-20},
	volume = {68},
	year = {1981}
}

@article{hurst1951long,
	title={Long-term storage capacity of reservoirs},
	author={Hurst, Harold Edwin},
	journal={Transactions of the American society of civil engineers},
	volume={116},
	number={1},
	pages={770--799},
	year={1951},
	publisher={American Society of Civil Engineers}
}

@article{granger1980introduction,
	title={An introduction to long-memory time series models and fractional differencing},
	author={Granger, Clive WJ and Joyeux, Roselyne},
	journal={Journal of time series analysis},
	volume={1},
	number={1},
	pages={15--29},
	year={1980},
	publisher={Wiley Online Library}
}

@incollection{mandelbrot1972statistical,
	title={Statistical methodology for nonperiodic cycles: from the covariance to R/S analysis},
	author={Mandelbrot, Benoit},
	booktitle={Annals of Economic and Social Measurement, Volume 1, Number 3},
	pages={259--290},
	year={1972},
	publisher={NBER}
}

@article{andrew1991longterm,
	ISSN = {00129682, 14680262},
	abstract = {A test for long-run memory that is robust to short-range dependence is developed. It is an extension of the "range over standard deviation" or R/S statistic, for which the relevant asymptotic sampling theory is derived via functional central limit theory. This test is applied to daily and monthly stock returns indexes over several time periods and, contrary to previous findings, there is no evidence of long-range dependence in any of the indexes over any sample period or sub-period once short-range dependence is taken into account. Illustrative Monte Carlo experiments indicate that the modified R/S test has power against at least two specific models of long-run memory, suggesting that stochastic models of short-range dependence may adequately capture the time series behavior of stock returns.},
	author = {Andrew W. Lo},
	journal = {Econometrica},
	number = {5},
	pages = {1279--1313},
	publisher = {[Wiley, Econometric Society]},
	title = {Long-Term Memory in Stock Market Prices},
	urldate = {2023-02-20},
	volume = {59},
	year = {1991},
	note = "\url{http://www.jstor.org/stable/2938368}"
}

@article{garafutdinov2021research,
	title={Исследование влияния некоторых параметров модели ARFIMA на точность прогноза финансовых временных рядов},
	author={Гарафутдинов, РВ},
	journal={Прикладная эконометрика},
	volume={62},
	pages={85},
	year={2021},
	publisher={Федеральное государственное бюджетное образовательное учреждение высшего~…}
}

@article{hansen2005forecast,
	title={A forecast comparison of volatility models: does anything beat a GARCH (1, 1)?},
	author={Hansen, Peter R and Lunde, Asger},
	journal={Journal of applied econometrics},
	volume={20},
	number={7},
	pages={873--889},
	year={2005},
	publisher={Wiley Online Library}
}

@article{robert1982arch,
	ISSN = {00129682, 14680262},
	URL = {http://www.jstor.org/stable/1912773},
	abstract = {Traditional econometric models assume a constant one-period forecast variance. To generalize this implausible assumption, a new class of stochastic processes called autoregressive conditional heteroscedastic (ARCH) processes are introduced in this paper. These are mean zero, serially uncorrelated processes with nonconstant variances conditional on the past, but constant unconditional variances. For such processes, the recent past gives information about the one-period forecast variance. A regression model is then introduced with disturbances following an ARCH process. Maximum likelihood estimators are described and a simple scoring iteration formulated. Ordinary least squares maintains its optimality properties in this set-up, but maximum likelihood is more efficient. The relative efficiency is calculated and can be infinite. To test whether the disturbances follow an ARCH process, the Lagrange multiplier procedure is employed. The test is based simply on the autocorrelation of the squared OLS residuals. This model is used to estimate the means and variances of inflation in the U.K. The ARCH effect is found to be significant and the estimated variances increase substantially during the chaotic seventies.},
	author = {Robert F. Engle},
	journal = {Econometrica},
	number = {4},
	pages = {987--1007},
	publisher = {[Wiley, Econometric Society]},
	title = {Autoregressive Conditional Heteroscedasticity with Estimates of the Variance of United Kingdom Inflation},
	urldate = {2023-02-21},
	volume = {50},
	year = {1982}
}

@article{bollerslev1986garch,
	title = {Generalized autoregressive conditional heteroskedasticity},
	journal = {Journal of Econometrics},
	volume = {31},
	number = {3},
	pages = {307-327},
	year = {1986},
	issn = {0304-4076},
	doi = {https://doi.org/10.1016/0304-4076(86)90063-1},
	url = {https://www.sciencedirect.com/science/article/pii/0304407686900631},
	author = {Tim Bollerslev},
	abstract = {A natural generalization of the ARCH (Autoregressive Conditional Heteroskedastic) process introduced in Engle (1982) to allow for past conditional variances in the current conditional variance equation is proposed. Stationarity conditions and autocorrelation structure for this new class of parametric models are derived. Maximum likelihood estimation and testing are also considered. Finally an empirical example relating to the uncertainty of the inflation rate is presented.}
}

@article{tayefi2012overview,
	title={An overview of FIGARCH and related time series models},
	author={Tayefi, Maryam and Ramanathan, TV},
	journal={Austrian journal of statistics},
	volume={41},
	number={3},
	pages={175--196},
	year={2012},
	note= "\url{https://www.ajs.or.at/index.php/ajs/article/view/vol41%2C%20no3%20-%202}"
}

@article{davidson2004moment,
	title={Moment and memory properties of linear conditional heteroscedasticity models, and a new model},
	author={Davidson, James},
	journal={Journal of Business \& Economic Statistics},
	volume={22},
	number={1},
	pages={16--29},
	year={2004},
	publisher={Taylor \& Francis},
	note= "\url{https://www.tandfonline.com/doi/abs/10.1198/073500103288619359}"
}

@article{weiss1986asymptotic,
	title={Asymptotic theory for ARCH models: estimation and testing},
	author={Weiss, Andrew A},
	journal={Econometric theory},
	volume={2},
	number={1},
	pages={107--131},
	year={1986},
	publisher={Cambridge University Press},
	note="\url{https://www.cambridge.org/core/journals/econometric-theory/article/abs/asymptotic-theory-for-arch-models-estimation-and-testing/ECA9F733113B65440B23709FA7CC4BDF}"
}

@article{abdi2010pca,
	title={Principal component analysis},
	author={Abdi, Herv{\'e} and Williams, Lynne J},
	journal={Wiley interdisciplinary reviews: computational statistics},
	volume={2},
	number={4},
	pages={433--459},
	year={2010},
	publisher={Wiley Online Library},
	note="\url{https://wires.onlinelibrary.wiley.com/doi/full/10.1002/wics.101?casa_token=XWNhAZRsOvwAAAAA%3A9MluOo44ZYdIp-JUVbOaEdBFhz4M4g7OOcZF4P13EaRJVsS4yFBm_j7aOF0_wsaRorICXpwUaa5bGg}"
}

@article{catarpillar_ssa,
	title={Гусеница},
	author={GistaT Group},
	year={1996 -2020},
	journal={Анализ и прогноз временных рядов},
	note="\url{https://www.gistatgroup.com/gus/index.html}"
}

@article{martin2012svd,
	title={The extraordinary SVD},
	author={Martin, Carla D and Porter, Mason A},
	journal={The American Mathematical Monthly},
	volume={119},
	number={10},
	pages={838--851},
	year={2012},
	publisher={Taylor \& Francis},
	note= "\url{https://www.tandfonline.com/doi/abs/10.4169/amer.math.monthly.119.10.838}"
}

@article{wang2015selection,
	title={Selection of window length for singular spectrum analysis},
	author={Wang, Rui and Ma, Hong-Guang and Liu, Guo-Qing and Zuo, Dong-Guang},
	journal={Journal of the Franklin Institute},
	volume={352},
	number={4},
	pages={1541--1560},
	year={2015},
	publisher={Elsevier},
	note= "\url{https://www.sciencedirect.com/science/article/abs/pii/S0016003215000290}"
}

@article{kuang2020efficient,
	title={Efficient and adaptive signal denoising based on multistage singular spectrum analysis},
	author={Kuang, Weichao and Wang, Shanjin and Lai, Yingxin and Ling, Wing-Kuen},
	journal={IEEE Transactions on Instrumentation and Measurement},
	volume={70},
	pages={1--20},
	year={2020},
	publisher={IEEE},
	note= "\url{https://ieeexplore.ieee.org/document/9144260}"
}

@article{lin2019grouping,
	title={Grouping and selecting singular spectrum analysis components for denoising via empirical mode decomposition approach},
	author={Lin, Peiru and Kuang, Weichao and Liu, Yuwei and Ling, Bingo Wing-Kuen},
	journal={Circuits, Systems, and Signal Processing},
	volume={38},
	pages={356--370},
	year={2019},
	publisher={Springer},
	note="\url{https://idp.springer.com/authorize/casa?redirect_uri=https://link.springer.com/article/10.1007/s00034-018-0861-1&casa_token=j16klF3GLMwAAAAA:sEoR2U4bU7jtZqVWbBS_ZBSjGg-C4ES6ejLyFMJFt2OoWELIug0mOWykxeEFr5nIhxAowzMRQkzMUoc}"
}

@article{lin2016grouping,
	title={Grouping singular spectrum analysis components via mixed integer quadratic programming},
	author={Lin, Peiru and Kuang, Weichao and Yang, Chuqi and Ling, Wing-Kuen},
	booktitle={2016 IEEE International Conference on Consumer Electronics-China (ICCE-China)},
	pages={1--3},
	year={2016},
	journal={2016 IEEE International Conference on Consumer Electronics-China (ICCE-China)},
	note= "\url{https://ieeexplore.ieee.org/abstract/document/7849753}"
}

@article{mipt2021string,
	title={Изучения Колебаний Струны},
	author={П.В. Попов, О.И. Смирнова},
	year={2021},
	journal={Федеральное государственное автономное образовательное учреждение высшего образования <<Московский физико-технический институт (национальный исследовательский университет)>>},
	note= "\url{https://mipt.ru/education/chair/physics/S_I/lab/string_145.pdf}"
}

@article{penn2016orthogonal,
	title={Orthogonal Functions and Fourier Series},
	author={Pennsylvania State University},
	year={2016},
	journal={Pennsylvania State University},
	note= "\url{https://www.personal.psu.edu/~bwo1/courses/Dennis/Chapter11-1.pdf}"
}

@article{teljacovski2001convergence,
	title={О равномерной сходимости рядов Фурье функций ограниченной вариации},
	author={Теляковский, Сергей Александрович},
	journal={Труды Математического института имени ВА Стеклова},
	volume={232},
	number={0},
	pages={318--326},
	year={2001},
	publisher={Российская академия наук, Математический институт им. ВА Стеклова Российской~…}
}

@article{mipt2004fourier,
	title={Тригонометрические ряда Фурье: учебно-методическое пособие},
	author={О.В. Бесов},
	year={2004},
	journal= {Московский физико-технический институт},
	publisher={МФТИ}
}

@article{cooley1965algorithm,
	title={An algorithm for the machine calculation of complex Fourier series},
	author={Cooley, James W and Tukey, John W},
	journal={Mathematics of computation},
	volume={19},
	number={90},
	pages={297--301},
	year={1965}
}

@book{brunton2022data,
	title={Data-driven science and engineering: Machine learning, dynamical systems, and control},
	author={Brunton, Steven L and Kutz, J Nathan},
	year={2022},
	publisher={Cambridge University Press}
}

@article{busch2007heisenberg,
	title = {Heisenberg's uncertainty principle},
	journal = {Physics Reports},
	volume = {452},
	number = {6},
	pages = {155-176},
	year = {2007},
	issn = {0370-1573},
	doi = {https://doi.org/10.1016/j.physrep.2007.05.006},
	url = {https://www.sciencedirect.com/science/article/pii/S0370157307003481},
	author = {Paul Busch and Teiko Heinonen and Pekka Lahti},
	keywords = {Uncertainty principle, Joint measurement, Inaccuracy, Disturbance},
	abstract = {Heisenberg's uncertainty principle is usually taken to express a limitation of operational possibilities imposed by quantum mechanics. Here we demonstrate that the full content of this principle also includes its positive role as a condition ensuring that mutually exclusive experimental options can be reconciled if an appropriate trade-off is accepted. The uncertainty principle is shown to appear in three manifestations, in the form of uncertainty relations: for the widths of the position and momentum distributions in any quantum state; for the inaccuracies of any joint measurement of these quantities; and for the inaccuracy of a measurement of one of the quantities and the ensuing disturbance in the distribution of the other quantity. Whilst conceptually distinct, these three kinds of uncertainty relations are shown to be closely related formally. Finally, we survey models and experimental implementations of joint measurements of position and momentum and comment briefly on the status of experimental tests of the uncertainty principle.}
}

@techreport{schluter2010using,
	title={Using wavelets for time series forecasting: Does it pay off?},
	author={Schl{\"u}ter, Stephan and Deuschle, Carola},
	year={2010},
	institution={IWQW Discussion Papers},
	note="\url{https://www.econstor.eu/bitstream/10419/36698/1/626829879.pdf}"
}

@article{mcculloch1943logical,
	title={A logical calculus of the ideas immanent in nervous activity},
	author={McCulloch, Warren S and Pitts, Walter},
	journal={The bulletin of mathematical biophysics},
	volume={5},
	pages={115--133},
	year={1943},
	publisher={Springer},
	note="\url{https://link.springer.com/article/10.1007/BF02478259}"
}

@techreport{rosenblatt1961principles,
	title={Principles of neurodynamics. perceptrons and the theory of brain mechanisms},
	author={Rosenblatt, Frank},
	year={1961},
	institution={Cornell Aeronautical Lab Inc Buffalo NY},
	note="\url{https://safari.ethz.ch/digitaltechnik/spring2018/lib/exe/fetch.php?media=neurodynamics1962rosenblatt.pdf}"
}

@article{lecun1989backpropagation,
	title={Backpropagation applied to handwritten zip code recognition},
	author={LeCun, Yann and Boser, Bernhard and Denker, John S and Henderson, Donnie and Howard, Richard E and Hubbard, Wayne and Jackel, Lawrence D},
	journal={Neural computation},
	volume={1},
	number={4},
	pages={541--551},
	year={1989},
	publisher={MIT Press},
	note="\url{https://ieeexplore.ieee.org/abstract/document/6795724}"
}

@article{lecun2015deep,
	title={Deep learning},
	author={LeCun, Yann and Bengio, Yoshua and Hinton, Geoffrey},
	journal={nature},
	volume={521},
	number={7553},
	pages={436--444},
	year={2015},
	publisher={Nature Publishing Group UK London},
	note="\url{https://www.nature.com/articles/nature14539}"
}

@article{lecun1989generalization,
	title={Generalization and network design strategies},
	author={LeCun, Yann and others},
	journal={Connectionism in perspective},
	volume={19},
	number={143-155},
	pages={18},
	year={1989},
	publisher={North Holland}
}

@article{hochreiter1997long,
	title={Long short-term memory},
	author={Hochreiter, Sepp and Schmidhuber, J{\"u}rgen},
	journal={Neural computation},
	volume={9},
	number={8},
	pages={1735--1780},
	year={1997},
	publisher={MIT press}
}

@article{rumelhart1986learning,
	title={Learning representations by back-propagating errors},
	author={Rumelhart, David E and Hinton, Geoffrey E and Williams, Ronald J},
	journal={nature},
	volume={323},
	number={6088},
	pages={533--536},
	year={1986},
	publisher={Nature Publishing Group UK London}
}

@article{oreshkin2019n,
	title={N-BEATS: Neural basis expansion analysis for interpretable time series forecasting},
	author={Oreshkin, Boris N and Carpov, Dmitri and Chapados, Nicolas and Bengio, Yoshua},
	journal={arXiv preprint arXiv:1905.10437},
	year={2019},
	note="\url{https://arxiv.org/abs/1905.10437}"
}

@article{challu2022n,
	title={N-hits: Neural hierarchical interpolation for time series forecasting},
	author={Challu, Cristian and Olivares, Kin G and Oreshkin, Boris N and Garza, Federico and Mergenthaler, Max and Dubrawski, Artur},
	journal={arXiv preprint arXiv:2201.12886},
	year={2022},
	note="\url{https://arxiv.org/abs/2201.12886}"
}

@article{schapire2003boosting,
	title={The boosting approach to machine learning: An overview},
	author={Schapire, Robert E},
	journal={Nonlinear estimation and classification},
	pages={149--171},
	year={2003},
	publisher={Springer},
	note="\url{https://link.springer.com/chapter/10.1007/978-0-387-21579-2_9}"
}

@article{kingma2014adam,
	title={Adam: A method for stochastic optimization},
	author={Kingma, Diederik P and Ba, Jimmy},
	journal={arXiv preprint arXiv:1412.6980},
	year={2014},
	note= "\url{https://arxiv.org/abs/1412.6980}"
}

@article{bock2018improvement,
	title={An improvement of the convergence proof of the ADAM-Optimizer},
	author={Bock, Sebastian and Goppold, Josef and Wei{\ss}, Martin},
	journal={arXiv preprint arXiv:1804.10587},
	year={2018},
	note= "\url{https://arxiv.org/abs/1804.10587}"
}

@article{liu1989limited,
	title={On the limited memory BFGS method for large scale optimization},
	author={Liu, Dong C and Nocedal, Jorge},
	journal={Mathematical programming},
	volume={45},
	number={1-3},
	pages={503--528},
	year={1989},
	publisher={Springer},
	note= "\url{https://idp.springer.com/authorize/casa?redirect_uri=https://link.springer.com/article/10.1007/BF01589116&casa_token=auoklDmJRrEAAAAA:5JJ0MgUQhxCp1_cjfx63Sohc0JOevRvnV1XafZ8_nlLfqdGiIXsgSx_HAk7fz7ug9R3r6ALLOOaDpwA}"
}

@article{chen2023symbolic,
	title={Symbolic discovery of optimization algorithms},
	author={Chen, Xiangning and Liang, Chen and Huang, Da and Real, Esteban and Wang, Kaiyuan and Liu, Yao and Pham, Hieu and Dong, Xuanyi and Luong, Thang and Hsieh, Cho-Jui and others},
	journal={arXiv preprint arXiv:2302.06675},
	year={2023},
	note="\url{https://arxiv.org/abs/2302.06675}"
}

@phdthesis{linnainmaa1970representation,
	title={The representation of the cumulative rounding error of an algorithm as a Taylor expansion of the local rounding errors},
	author={Linnainmaa, Seppo},
	year={1970},
	school={Department of Computer Science, University of Helsinki}
}

@article{cybenko1989approximation,
	title={Approximation by superpositions of a sigmoidal function},
	author={Cybenko, George},
	journal={Mathematics of control, signals and systems},
	volume={2},
	number={4},
	pages={303--314},
	year={1989},
	publisher={Springer},
	note= "\url{https://idp.springer.com/authorize/casa?redirect_uri=https://link.springer.com/article/10.1007/BF02551274&casa_token=IIbxWW8BwzsAAAAA:C77shuO7fsZFDxclduSUh3nEZK2w7M7IqA5XfqhuU4c_sIiXkcC-xihclFOqEPH-O2cYIBqbMvoLxa0}"
}

@article{cho2014learning,
	title={Learning phrase representations using RNN encoder-decoder for statistical machine translation},
	author={Cho, Kyunghyun and Van Merri{\"e}nboer, Bart and Gulcehre, Caglar and Bahdanau, Dzmitry and Bougares, Fethi and Schwenk, Holger and Bengio, Yoshua},
	journal={arXiv preprint arXiv:1406.1078},
	year={2014},
	note= "\url{https://arxiv.org/abs/1406.1078}"
}

@article{hochreiter1991untersuchungen,
	title={Untersuchungen zu dynamischen neuronalen Netzen},
	author={Hochreiter, Sepp},
	journal={Diploma, Technische Universit{\"a}t M{\"u}nchen},
	volume={91},
	number={1},
	year={1991}
}

@article{mikolov2012statistical,
	title={Statistical language models based on neural networks},
	author={Mikolov, Tom{\'a}{\v{s}} and others},
	journal={Presentation at Google, Mountain View, 2nd April},
	volume={80},
	number={26},
	year={2012},
	note= "\url{https://www.fit.vutbr.cz/~imikolov/rnnlm/thesis.pdf}"
}