@book{ropert_ouwen,
	title={Спорная область между двумя мирами},
	author={Оуэн, Роберт},
	year={2018},
	publisher={Strelbytskyy Multimedia Publishing}
}

@book{adam_smith,
	title={The Wealth of Nations: An inquiry into the nature and causes of the Wealth of Nations},
	author={Smith, Adam},
	year={2010},
	publisher={Harriman House Limited},
}

@book{alfred_marshall,
	title={Elements of economics of industry: being the first volume of Elements of Economics},
	author={Marshall, Alfred},
	volume={1},
	year={1903},
	publisher={Macmillan}
}

@book{nn_all_over_us,
	title={State of AI Report 2022},
	author={Nathan Benaich and Ian Hogarth},
	year={2022},
	publisher={Air Street Capital, Plural},
	note="\url{https://www.stateof.ai/}"
}

@book{fama_market_efficiency,
	title={Гипотеза эффективного рынка: что это и как использовать},
	author={FinEX},
	year={Статья от: 13 Сентября 2022},
	publisher={FinEx},
	note="\url{https://finex-etf.ru/university/news/gipoteza_effektivnogo_rynka_chto_eto_i_kak_ispolzovat}"
}

@article{matrin_swell,
	title={History of the efficient market hypothesis},
	author={Sewell, Martin},
	journal={Rn},
	volume={11},
	number={04},
	pages={04},
	year={2011},
	note="\url{http://www.cs.ucl.ac.uk/fileadmin/UCL-CS/images/Research_Student_Information/RN_11_04.pdf}"
}

@article{fractal_market,
	title={Фрактальный анализ финансового рынка на основе коэффициента Хёрста},
	author={Палювина, АС},
	journal={Вектор экономики},
	pages={30--30},
	year={2019},
	publisher={Индивидуальный предприниматель Мухин Максим Николаевич},
	note="\url{http://www.vectoreconomy.ru/images/publications/2019/4/mathematicalmethods/Palyuvina.pdf}"
}

@article{efficient_market,
	title={Efficient capital markets: A review of theory and empirical work},
	author={Fama, Eugene},
	journal={The journal of Finance},
	volume={25},
	number={2},
	pages={383--417},
	year={1970},
	publisher={JSTOR},
	note="\url{https://www.jstor.org/stable/2325486}"
}

@article{benoit_mandelbrot,
	title = {The (Mis)Behavior of Markets: A Fractal View of Risk, Ruin and Reward},
	journal = {Journal of Economic Behavior and Organization},
	volume = {61},
	number = {3},
	pages = {513-515},
	year = {2006},
	issn = {0167-2681},
	doi = {https://doi.org/10.1016/j.jebo.2006.03.002},
	note = "\url{https://www.sciencedirect.com/science/article/pii/S0167268106000692}",
	author = {Constantinos E. Vorlow}
}

@article{attention_transformers,
	title={Attention is all you need},
	author={Vaswani, Ashish and Shazeer, Noam and Parmar, Niki and Uszkoreit, Jakob and Jones, Llion and Gomez, Aidan N and Kaiser, {\L}ukasz and Polosukhin, Illia},
	journal={Advances in neural information processing systems},
	volume={30},
	year={2017},
	note="\url{https://proceedings.neurips.cc/paper/2017/file/3f5ee243547dee91fbd053c1c4a845aa-Paper.pdf}"
}

@article{transformers_are_useless_for_TSF,
	title={Are Transformers Effective for Time Series Forecasting?},
	author={Ailing Zeng and Muxi Chen and Lei Zhang and Qiang Xu},
	journal={Proceedings of the AAAI Conference on Artificial Intelligence},
	year={2023},
	note="\url{https://github.com/cure-lab/LTSF-Linear}"
}

@article{seasonality_test_for_financial_stock_market,
	title = {A generalised seasonality test and applications for cryptocurrency and stock market seasonality},
	journal = {The Quarterly Review of Economics and Finance},
	volume = {86},
	pages = {172-185},
	year = {2022},
	issn = {1062-9769},
	doi = {https://doi.org/10.1016/j.qref.2022.07.002},
	url = {https://www.sciencedirect.com/science/article/pii/S1062976922000801},
	author = {Savva Shanaev and Binam Ghimire},
	keywords = {Cryptocurrency, Market efficiency, Seasonality, Seasonality test},
	abstract = {This study develops a novel generalised seasonality test that utilises sequential dummy variable regressions for seasonality periodicity equal to prime numbers. It allows to test for existence of any seasonal patterns against the broad null hypothesis of no seasonality and to isolate most prominent seasonal cycles while using harmonic mean p-values to control for multiple testing. The proposed test has numerous applications in time series analysis. As an example, it is applied to identify seasonal patterns in 76 national stock markets and 772 cryptocurrency markets to detect trading cycles, determine their length, and test the weak-form efficient market hypothesis. Cryptocurrency markets are shown to be less efficient than national stock markets, with predominantly irregular seasonality periodicity that cannot be reduced to conventional weekly, monthly, or annual cycles.},
	note="\url{https://www.sciencedirect.com/science/article/pii/S1062976922000801}"
}

@article{seasonality_in_financial_TS_is_real,
	title = {Seasonal anomalies in advanced emerging stock markets},
	journal = {The Quarterly Review of Economics and Finance},
	volume = {66},
	pages = {169-181},
	year = {2017},
	issn = {1062-9769},
	doi = {https://doi.org/10.1016/j.qref.2017.02.009},
	url = {https://www.sciencedirect.com/science/article/pii/S1062976917300832},
	author = {Mostafa Seif and Paul Docherty and Abul Shamsuddin},
	keywords = {Anomalies, Seasonality, Market efficiency, Emerging markets},
	abstract = {Despite an extensive number of studies documenting evidence of seasonal anomalies in developed markets, relatively few studies have comprehensively examined these anomalies within emerging markets. Testing the robustness of seasonal anomalies in emerging markets would first, help to examine the theoretical explanations that have been proposed and second, provide an out-of-sample result for these seasonality anomalies. This study examines the efficiency of advanced emerging markets by testing five seasonal anomalies: the month of the year, other January, day-of-the-week, holiday, and week 44. Evidence is reported that is consistent with all of these seasonal anomalies with the exception of the other January effect; supporting the argument that advanced emerging markets are less than perfectly efficient.},
	note="\url{https://www.sciencedirect.com/science/article/pii/S1062976917300832}"
}

@article{stationarity_of_time_series_econometrics,
	title={Введение в анализ временных рядов: учебное пособие для вузов.},
	author={Н. В. Артамонов; Е. А. Ивин; А. Н. Курбацкий; Д. Фантаццини},
	isbn={978-5-93299-496-2},
	year={2021},
	journal={Московский государственный университет имени М. В. Ломоносова, Московская школа экономики, Кафедра эконометрики и математических методов экономики. – Вологда : ВолНЦ РАН, 2021. – 134 с.: ил., табл.},
	note="\url{https://mse.msu.ru/wp-content/uploads/2021/03/%D0%92%D0%B2%D0%B5%D0%B4%D0%B5%D0%BD%D0%B8%D0%B5-%D0%B2-%D0%B0%D0%BD%D0%B0%D0%BB%D0%B8%D0%B7-%D0%B2%D1%80%D0%B5%D0%BC%D0%B5%D0%BD%D0%BD%D1%8B%D1%85-%D1%80%D1%8F%D0%B4%D0%BE%D0%B2-1.pdf}"
}

@article{white_noise_for_stochastic_differential_equation,
	title = {Price dynamics of the financial markets using the stochastic differential equation for a potential double well},
	journal = {Physica A: Statistical Mechanics and its Applications},
	volume = {490},
	pages = {828-833},
	year = {2018},
	issn = {0378-4371},
	doi = {https://doi.org/10.1016/j.physa.2017.08.106},
	url = {https://www.sciencedirect.com/science/article/pii/S0378437117308324},
	author = {L.S. Lima and L.L.B. Miranda},
	keywords = {Double well, Price dynamics, Stochastic differential equation},
	abstract = {We have used the Itô’s stochastic differential equation for the double well with additive white noise as a mathematical model for price dynamics of the financial market. We have presented a model which allows us to test within the same framework the comparative explanatory power of rational agents versus irrational agents, with respect to the facts of financial markets. We have obtained the mean price in terms of the β parameter that represents the force of the randomness term of the model.},
	note="\url{https://www.sciencedirect.com/science/article/pii/S0378437117308324?casa_token=rzOzlZw26ZUAAAAA:TLYp15lOen3WJC65uWCpHNNGItqli5Iuqa5yb5LSZKPj5mznOHBbH3r_CwTyjDHAe2ZYaVGA}"
}

@article{brownian_motion_for_stochastic_differential_equation,
	title={Brownian Motion \& the Stochastic Behavior of Stocks},
	author={Tassopoulos, Pantelis and Protonotarios, Yorgos},
	journal={Journal of Mathematical Finance},
	volume={12},
	number={1},
	pages={138--149},
	year={2021},
	publisher={Scientific Research Publishing}
}

@article{word2vec_2013,
	title={Efficient estimation of word representations in vector space},
	author={Mikolov, Tomas and Chen, Kai and Corrado, Greg and Dean, Jeffrey},
	journal={arXiv preprint arXiv:1301.3781},
	year={2013},
	note="\url{https://arxiv.org/abs/1301.3781}"
}

