@article{
	figarch,
	title={An overview of FIGARCH and related time series models},
	author={Tayefi, Maryam and Ramanathan, TV},
	journal={Austrian journal of statistics},
	pages={175--196},
	year={2012}
}

@article{
	setarma,
	title={The moments of SETARMA models},
	author={Amendola, Alessandra and Niglio, Marcella and Vitale, Cosimo},
	journal={Statistics \& probability letters},
	pages={625--633},
	year={2006},
	publisher={Elsevier}
}

@article{ssa,
	title={Singular spectrum analysis: methodology and comparison},
	author={Hassani, Hossein},
	year={2007},
	journal={Cardiff University and Central Bank of the Islamic Republic of Iran}
}

@article{ssa_2,
	title={Singular spectrum analysis: a new tool in time series analysis},
	author={Elsner, James B and Tsonis, Anastasios A},
	year={1996},
	journal={Springer Science \& Business Media}
}

@article{arfima,
	author={Pai, J. S.},
	editor={Klar, R{\"u}diger
	and Opitz, Otto},
	title={A One-Step Optimization Procedure for ARFIMA Processes},
	year={1997},
	journal={Springer Berlin Heidelberg},
	address={Berlin, Heidelberg},
	pages={171--177},
}

@article{backpropagation,
	title={A theoretical framework for back-propagation},
	author={LeCun, Yann and Touresky, D and Hinton, G and Sejnowski, T},
	pages={21--28},
	journal= {Proceedings of the 1988 connectionist models summer school},
	year={1988}
}

@article{rnn,
	title={Learning representations by back-propagating errors},
	author={Rumelhart, David E and Hinton, Geoffrey E and Williams, Ronald J},
	journal={Nature},
	pages={533--536},
	year={1986},
	publisher={Nature Publishing Group}
}